@article{azur2011multiple,
  title={Multiple imputation by chained equations: what is it and how does it work?},
  author={Azur, Melissa J and Stuart, Elizabeth A and Frangakis, Constantine and Leaf, Philip J},
  journal={International journal of methods in psychiatric research},
  volume={20},
  number={1},
  pages={40--49},
  year={2011},
  publisher={Wiley Online Library}
}

@article{al2017survivability,
  title={Survivability prediction of colon cancer patients using neural networks},
  author={Al-Bahrani, Reda and Agrawal, Ankit and Choudhary, Alok},
  journal={Health informatics journal},
  pages={1460458217720395},
  year={2017},
  publisher={SAGE Publications Sage UK: London, England}
}

@article{delen2005predicting,
  title={Predicting breast cancer survivability: a comparison of three data mining methods},
  author={Delen, Dursun and Walker, Glenn and Kadam, Amit},
  journal={Artificial intelligence in medicine},
  volume={34},
  number={2},
  pages={113--127},
  year={2005},
  publisher={Elsevier}
}

@inproceedings{al2013colon,
  title={Colon cancer survival prediction using ensemble data mining on SEER data},
  author={Al-Bahrani, Reda and Agrawal, Ankit and Choudhary, Alok},
  booktitle={Big Data, 2013 IEEE International Conference on},
  pages={9--16},
  year={2013},
  organization={IEEE}
}

@article{lopez2013insight,
  title={An insight into classification with imbalanced data: Empirical results and current trends on using data intrinsic characteristics},
  author={L{\'o}pez, Victoria and Fern{\'a}ndez, Alberto and Garc{\'\i}a, Salvador and Palade, Vasile and Herrera, Francisco},
  journal={Information Sciences},
  volume={250},
  pages={113--141},
  year={2013},
  publisher={Elsevier}
}

@inproceedings{liu2009decision,
  title={Decision tree based predictive models for breast cancer survivability on imbalanced data},
  author={Liu, Ya-Qin and Wang, Cheng and Zhang, Lu},
  booktitle={Bioinformatics and Biomedical Engineering, 2009. ICBBE 2009. 3rd International Conference on},
  pages={1--4},
  year={2009},
  organization={IEEE}
}

@misc{hispanic_origin,
  title = {Is being Hispanic a matter of race, ethnicity or both?},
  author={Gonzalez-Barrera, Amy and Lopez, Mark Hugo},
  howpublished = {\url{http://www.pewresearch.org/fact-tank/2015/06/15/is-being-hispanic-a-matter-of-race-ethnicity-or-both/}},
  note = {Accessed: 2018-07-08}
}
